@Article{Sivaraman:2013,
  author =   "Sayanan Sivaraman and Mohan Manubhai Trivedi",
  title =    "{Looking at Vehicles on the Road: A Survey of Vision-Based Vehicle Detection, Tracking, and Behavior Analysis}",
  journal =  {IEEE Transactions on Intelligent Transportation Systems},
  year =     2013,
  volume =   14,
  number =   4,
  pages =    {1773--1795},
}

@Article{Saxena:2008,
  author =   "Ashutosh Saxena and Sung H. Chung and Andrew Y. Ng",
  title =    "{3-D Depth Reconstruction from a Single Still Image}",
  journal =  {International Journal of Computer Vision},
  year =     2008,
  volume =   76,
  number =   1,
  pages =    {53--69},
}

@Online{Veoneer:2018,
	author = {Veoneer},
	year = {2018}, 
	url = {https://www.veoneer.com/},
	note = "Read 2018-04-20",
}

@Misc{EuroNCAP:2017,
	author = {Euro NCAP},
	title = "{Euro NCAP 2025 Roadmap}",
	year = 2017,
}

@Book{Blackman:1999,
	author = {Samuel Blackman and Robert Popoli},
	title = {Design and Analysis of Modern Tracking Systems},
	publisher = {Artech House},
	year = 1999,
}

@Article{Blostein:2000,
    author = {Steven D. Blostein and Lin Zhao and Robert M. Chann},
    title = "{Three-Dimensional Trajectory Estimation from Image Posiiton and Velocity}",
    journal = {IEEE Transactions on Aerospace and Electronic Systems},
    year = 2000,
    volume = 36,
    number = 4,
    pages = {1075--1089}
}

@Conference{Hajimolahoseini:2014,
    author = {Habib Hajimolahoseini and Rassoul Amirfattahi and Soheil Khorshidi},
    title = "{Real-Time Pose Estimation and Tracking of Rigid Objects in 3D Space Using Extended Kalman Filter}",
    booktitle = {22nd Iranian Conference on Electrical Engineering (ICEE, 2014)},
    year = 2014
}

@Conference{Gabb:2013,
    author = {Michael Gabb and Artem Kaliuk and Thomas Ruland and Otto Löhlein and Antje Westenberger and Klaus Dietmayer},
    title = "{Feature-Based Monocular Vehicle Turn Rate Estimation from a Moving Platform}",
    booktitle = {Intelligent Vehicles Symposium (IV) (IEEE, 2013)},
    year = 2013,
}

@Book{Gustafsson:2012,
    author = {Fredrik Gustafsson},
    title = {Statistical Sensor Fusion},
    year = 2012,
    publisher = {Studentlitteratur},
    edition = {Second}
}

@Book{Hartley:2004, 
    author = "Hartley, Richard I. and Zisserman, Andrew",
    title = "Multiple View Geometry in Computer Vision",
    edition = "Second",
    year = "2004",
    publisher = "Cambridge University Press, ISBN: 0521540518",
    url = {http://www.robots.ox.ac.uk/\~vgg/hzbook/}
}

@Techreport{Malis:2007,
    author = "Ezio Malis and Manuel Vargas",
    title = "{Deeper Understanding of the Homography Decomposition for Vision-Based Control}",
    institution  = "INRIA",
    year = "2007",
    note = "{ISRN: INRIA//RR--6303--FR+ENG}",
}

@Book{Rugh:1996,
	author = "Wilson J. Rugh",
	title = "Linear System Theory",
	edition = "Second",
	year = "1996",
	publisher = "Prentice Hall"
}

@Conference{Mondragon:2010,
	author = {Iván F. Mondragón and Pascual Campoy and Carol Martínez and Miguel A. Olivares-Méndez},
	title = "{3D Pose Estimation Based on Planar Object Tracking for UAVs Control}",
	booktitle = {Robotics and Automation (ICRA) (IEEE, 2010)},
	year = 2010,
}

@Manual{mexopencv,
	title = {MATLAB File Help: cv},
	url = {http://kyamagu.github.io/mexopencv/matlab/},
	note = {Collection and a development kit of \matlab mex functions for OpenCV library},
}

@Techreport{Nordberg:2015,
	title = {{Introduction to Representations and Estimation in Geometry}},
	author = {Klas Nordberg},
	institution = {Computer Vision Laboratory, Department of Elevtrical Engineering, Linköping University},
	year = 2017,
	note = "{URN: urn:nbn:se:liu:diva--140019}",
}

@Book{Szeliski:2011,
	title = {{Computer Vision: Algorithms and Applications}},
	author = {Richard Szeliski},
	year = "2011",
	publisher = "Springer",
}

@Inproceedings{Harris:1988,
    author = {Chris Harris and Mike Stephens},
    title = "{A Combined Corner and Edge Detector}",
    booktitle = {In Proc. of Fourth Alvey Vision Conference},
    year = {1988},
    pages = {147--151}
}

@Manual{pointtracker:2018,
	author = "{MathWorks}",
	title = "{vision.PointTracker System object}",
	url = {https://se.mathworks.com/help/vision/ref/vision.pointtracker-system-object.html},
	note = "{Track points in video using Kanade-Lucas-Tomasi (KLT) algorithm}",
}

@Manual{harrisdetector:2018,
	author = "{MathWorks}",
	title = "{detectHarrisFeatures}",
	url = {https://se.mathworks.com/help/vision/ref/detectharrisfeatures.html},
	note = "Detect corners using Harris–-Stephens algorithm",
}

@Manual{mineigendetector:2018,
	author = "{MathWorks}",
	title = "{detectMinEigenFeatures}",
	url = {https://se.mathworks.com/help/vision/ref/detectmineigenfeatures.html},
	note = "Detect corners using minimum eigenvalue algorithm",
}

@Conference{Bostanci:2012,
	author = "Erkan Bostanci and Nadia Kanwal and Adrian F. Clark",
	title = "{Feature Coverage for Better Homography Estimation: An Application to Image Stitching}",
	booktitle = {Signals and Image Processing (IWSSIP)},
	year = "2012",
}